<?xml version="1.0" encoding="UTF-8"?>
  <record xmlns="http://www.loc.gov/MARC21/slim" type="Authority">
    <leader>00000nz  a2200000nc 4500</leader>
    <controlfield tag="001">120851709</controlfield>
    <controlfield tag="003">DE-101</controlfield>
    <controlfield tag="005">20170524130540.0</controlfield>
    <controlfield tag="008">990218n||aznnnaabn           | aaa    |c</controlfield>
    <datafield tag="024" ind1="7" ind2=" ">
      <subfield code="a">120851709</subfield>
      <subfield code="0">http://d-nb.info/gnd/120851709</subfield>
      <subfield code="2">gnd</subfield>
    </datafield>
    <datafield tag="035" ind1=" " ind2=" ">
      <subfield code="a">(DE-101)120851709</subfield>
    </datafield>
    <datafield tag="035" ind1=" " ind2=" ">
      <subfield code="a">(DE-588)120851709</subfield>
    </datafield>
    <datafield tag="035" ind1=" " ind2=" ">
      <subfield code="z">(DE-588a)120851709</subfield>
      <subfield code="9">v:zg</subfield>
    </datafield>
    <datafield tag="040" ind1=" " ind2=" ">
      <subfield code="a">DE-12</subfield>
      <subfield code="c">DE-12</subfield>
      <subfield code="9">r:DE-12</subfield>
      <subfield code="b">ger</subfield>
      <subfield code="d">0547</subfield>
    </datafield>
    <datafield tag="042" ind1=" " ind2=" ">
      <subfield code="a">gnd1</subfield>
    </datafield>
    <datafield tag="043" ind1=" " ind2=" ">
      <subfield code="c">XA-DE</subfield>
    </datafield>
    <datafield tag="075" ind1=" " ind2=" ">
      <subfield code="b">p</subfield>
      <subfield code="2">gndgen</subfield>
    </datafield>
    <datafield tag="075" ind1=" " ind2=" ">
      <subfield code="b">piz</subfield>
      <subfield code="2">gndspec</subfield>
    </datafield>
    <datafield tag="079" ind1=" " ind2=" ">
      <subfield code="a">g</subfield>
      <subfield code="q">a</subfield>
      <subfield code="q">f</subfield>
    </datafield>
    <datafield tag="100" ind1="1" ind2=" ">
      <subfield code="a">Kallenbach, Elias</subfield>
      <subfield code="d">1642-1694</subfield>
    </datafield>
    <datafield tag="400" ind1="1" ind2=" ">
      <subfield code="a">Kallenbachius, Elias</subfield>
      <subfield code="d">1642-1694</subfield>
    </datafield>
    <datafield tag="400" ind1="1" ind2=" ">
      <subfield code="a">Kalnbach, Elias</subfield>
      <subfield code="d">1642-1694</subfield>
    </datafield>
    <datafield tag="500" ind1="1" ind2=" ">
      <subfield code="0">(DE-101)130596159</subfield>
      <subfield code="0">(DE-588)130596159</subfield>
      <subfield code="0">https://d-nb.info/gnd/130596159</subfield>
      <subfield code="a">Caesar, Daniel</subfield>
      <subfield code="d">1615-1684</subfield>
      <subfield code="4">bezf</subfield>
      <subfield code="4">https://d-nb.info/standards/elementset/gnd#familialRelationship</subfield>
      <subfield code="w">r</subfield>
      <subfield code="i">Beziehung familiaer</subfield>
      <subfield code="e">Beziehung familiaer</subfield>
      <subfield code="9">v:Schwiegervater</subfield>
    </datafield>
    <datafield tag="548" ind1=" " ind2=" ">
      <subfield code="a">1642-1694</subfield>
      <subfield code="4">datl</subfield>
      <subfield code="4">https://d-nb.info/standards/elementset/gnd#dateOfBirthAndDeath</subfield>
      <subfield code="w">r</subfield>
      <subfield code="i">Lebensdaten</subfield>
    </datafield>
    <datafield tag="548" ind1=" " ind2=" ">
      <subfield code="a">25.04.1642-15.04.1694</subfield>
      <subfield code="4">datx</subfield>
      <subfield code="4">https://d-nb.info/standards/elementset/gnd#dateOfBirthAndDeath</subfield>
      <subfield code="w">r</subfield>
      <subfield code="i">Exakte Lebensdaten</subfield>
    </datafield>
    <datafield tag="550" ind1=" " ind2=" ">
      <subfield code="0">(DE-101)041325923</subfield>
      <subfield code="0">(DE-588)4132592-8</subfield>
      <subfield code="0">https://d-nb.info/gnd/4132592-8</subfield>
      <subfield code="a">Pfarrer</subfield>
      <subfield code="4">berc</subfield>
      <subfield code="4">https://d-nb.info/standards/elementset/gnd#professionOrOccupation</subfield>
      <subfield code="w">r</subfield>
      <subfield code="i">Charakteristischer Beruf</subfield>
    </datafield>
    <datafield tag="551" ind1=" " ind2=" ">
      <subfield code="0">(DE-101)040514609</subfield>
      <subfield code="0">(DE-588)4051460-2</subfield>
      <subfield code="0">https://d-nb.info/gnd/4051460-2</subfield>
      <subfield code="a">Bad Salzungen</subfield>
      <subfield code="4">ortg</subfield>
      <subfield code="4">https://d-nb.info/standards/elementset/gnd#placeOfBirth</subfield>
      <subfield code="w">r</subfield>
      <subfield code="i">Geburtsort</subfield>
    </datafield>
    <datafield tag="551" ind1=" " ind2=" ">
      <subfield code="0">(DE-101)965830845</subfield>
      <subfield code="0">(DE-588)4711645-6</subfield>
      <subfield code="0">https://d-nb.info/gnd/4711645-6</subfield>
      <subfield code="a">Tambach</subfield>
      <subfield code="g">Thüringer Wald</subfield>
      <subfield code="4">orts</subfield>
      <subfield code="4">https://d-nb.info/standards/elementset/gnd#placeOfDeath</subfield>
      <subfield code="w">r</subfield>
      <subfield code="i">Sterbeort</subfield>
    </datafield>
    <datafield tag="551" ind1=" " ind2=" ">
      <subfield code="0">(DE-101)040514609</subfield>
      <subfield code="0">(DE-588)4051460-2</subfield>
      <subfield code="0">https://d-nb.info/gnd/4051460-2</subfield>
      <subfield code="a">Bad Salzungen</subfield>
      <subfield code="4">ortw</subfield>
      <subfield code="4">https://d-nb.info/standards/elementset/gnd#placeOfActivity</subfield>
      <subfield code="w">r</subfield>
      <subfield code="i">Wirkungsort</subfield>
    </datafield>
    <datafield tag="551" ind1=" " ind2=" ">
      <subfield code="0">(DE-101)040216527</subfield>
      <subfield code="0">(DE-588)4021652-4</subfield>
      <subfield code="0">https://d-nb.info/gnd/4021652-4</subfield>
      <subfield code="a">Gotha</subfield>
      <subfield code="4">ortg</subfield>
      <subfield code="4">https://d-nb.info/standards/elementset/gnd#placeOfBirth</subfield>
      <subfield code="w">r</subfield>
      <subfield code="i">Geburtsort</subfield>
    </datafield>
    <datafield tag="551" ind1=" " ind2=" ">
      <subfield code="0">(DE-101)040648354</subfield>
      <subfield code="0">(DE-588)4064835-7</subfield>
      <subfield code="0">https://d-nb.info/gnd/4064835-7</subfield>
      <subfield code="a">Wasungen</subfield>
      <subfield code="4">ortw</subfield>
      <subfield code="4">https://d-nb.info/standards/elementset/gnd#placeOfActivity</subfield>
      <subfield code="w">r</subfield>
      <subfield code="i">Wirkungsort</subfield>
    </datafield>
    <datafield tag="551" ind1=" " ind2=" ">
      <subfield code="0">(DE-101)965830845</subfield>
      <subfield code="0">(DE-588)4711645-6</subfield>
      <subfield code="0">https://d-nb.info/gnd/4711645-6</subfield>
      <subfield code="a">Tambach</subfield>
      <subfield code="g">Thüringer Wald</subfield>
      <subfield code="4">ortw</subfield>
      <subfield code="4">https://d-nb.info/standards/elementset/gnd#placeOfActivity</subfield>
      <subfield code="w">r</subfield>
      <subfield code="i">Wirkungsort</subfield>
    </datafield>
    <datafield tag="667" ind1=" " ind2=" ">
      <subfield code="a">VD-17</subfield>
    </datafield>
    <datafield tag="670" ind1=" " ind2=" ">
      <subfield code="a">Thüringer Pfarrerbuch, Bd. 1 (1995), S. 373-374</subfield>
    </datafield>
    <datafield tag="670" ind1=" " ind2=" ">
      <subfield code="a">Brückner, G.: Pfarrbuch der Diöcesen Meiningen, Wasungen und Salzungen. 1863, S. 440-441</subfield>
    </datafield>
    <datafield tag="672" ind1=" " ind2="0">
      <subfield code="a">Kallenbach, Elias: Zwey Christliche Leichpredigten. - 1674</subfield>
    </datafield>
    <datafield tag="678" ind1=" " ind2=" ">
      <subfield code="b">Dt. ev. Theologe; 1658 Schüler in Coburg; ab 1662 Student in Jena und Gießen; Informator beim Amtmann Heinrich von Miltitz in Salzungen sowie beim Hofprediger Jeremias Balthasar Ludwig in Gotha; 1668 Diakon in Wasungen; 1676 Hofinspektor in Gotha; 1678 Vizepastor und 1683 Pfarrer in Tambach und Dietharz</subfield>
    </datafield>
    <datafield tag="913" ind1=" " ind2=" ">
      <subfield code="S">pnd</subfield>
      <subfield code="i">a</subfield>
      <subfield code="a">Kallenbach, Elias</subfield>
      <subfield code="0">(DE-588a)120851709</subfield>
    </datafield>
  </record>
